<?xml version="1.0" encoding="utf-8"?>
<record xmlns="http://www.loc.gov/MARC21/slim" xmlns:xsi="http://www.w3.org/2001/XMLSchema-instance" xsi:schemaLocation="http://www.loc.gov/MARC21/slim http://www.loc.gov/standards/marcxml/schema/MARC21slim.xsd">
	<leader>
		03135nam a2200481   4500
	</leader>
	<controlfield tag="001">
		002775601
	</controlfield>
	<controlfield tag="003">
		NNU
	</controlfield>
	<controlfield tag="006">
		m        d        
	</controlfield>
	<controlfield tag="007">
		cr cn |||m|||a
	</controlfield>
	<controlfield tag="008">
		160224s1924    ua      o     000 0 ara d
	</controlfield>
	<datafield ind1=" " ind2=" " tag="040">
		<subfield code="a">
			NNU
		</subfield>
		<subfield code="b">
			eng
		</subfield>
		<subfield code="e">
			rda
		</subfield>
		<subfield code="c">
			NNU
		</subfield>
	</datafield>
	<datafield ind1=" " ind2="4" tag="050">
		<subfield code="a">
			BP153
		</subfield>
		<subfield code="b">
			.B3 1924
		</subfield>
	</datafield>
	<datafield ind1="1" ind2=" " tag="100">
		<subfield code="6">
			880-01
		</subfield>
		<subfield code="a">
			Bājūrī, Ibrāhīm ibn Muḥammad,
		</subfield>
		<subfield code="d">
			1783 or 1784-1860.
		</subfield>
	</datafield>
	<datafield ind1="1" ind2="0" tag="245">
		<subfield code="6">
			880-02
		</subfield>
		<subfield code="a">
			Ḥāshīyat al-Shaykh Ibrāhīm al-Bājūrī ʻalá Sharḥ Ibn Qāsim al-Ghazzī ʻalá matn al-Shaykh Abī Shujāʻ fī madhhab al-Imām al-Shāfiʻī.
		</subfield>
	</datafield>
	<datafield ind1=" " ind2=" " tag="260">
		<subfield code="6">
			880-03
		</subfield>
		<subfield code="a">
			Miṣr :
		</subfield>
		<subfield code="b">
			Muṣṭafá al-Bābī al-Ḥalabī,
		</subfield>
		<subfield code="c">
			1343 [1924]
		</subfield>
	</datafield>
	<datafield ind1=" " ind2=" " tag="300">
		<subfield code="a">
			online resource (2 volumes)
		</subfield>
	</datafield>
	<datafield ind1=" " ind2=" " tag="336">
		<subfield code="a">
			text
		</subfield>
		<subfield code="2">
			rdacontent
		</subfield>
	</datafield>
	<datafield ind1=" " ind2=" " tag="337">
		<subfield code="a">
			computer
		</subfield>
		<subfield code="2">
			rdamedia
		</subfield>
	</datafield>
	<datafield ind1=" " ind2=" " tag="338">
		<subfield code="a">
			online resource
		</subfield>
		<subfield code="2">
			rdacarrier
		</subfield>
	</datafield>
	<datafield ind1=" " ind2=" " tag="500">
		<subfield code="a">
			Includes texts of Ibn al-Qāsim al-Ghazzī's Fatḥ al-qarīb al-mujīb and Abū Shujāʻ al-Iṣfahānī's Ghāyat al-ikhtiṣār.
		</subfield>
	</datafield>
	<datafield ind1=" " ind2=" " tag="500">
		<subfield code="a">
			Part of the Arabic Collections Online (ACO) project, contributed by New York Univeristy Libraries.
		</subfield>
	</datafield>
	<datafield ind1=" " ind2=" " tag="533">
		<subfield code="a">
			Electronic reproduction.
		</subfield>
		<subfield code="b">
			New York, N.Y. :
		</subfield>
		<subfield code="c">
			New York University,
		</subfield>
		<subfield code="d">
			2016.
		</subfield>
		<subfield code="5">
			NNU
		</subfield>
	</datafield>
	<datafield ind1="1" ind2="0" tag="600">
		<subfield code="6">
			880-04
		</subfield>
		<subfield code="a">
			Ghazzī, Muḥammad ibn Qāsim,
		</subfield>
		<subfield code="d">
			1454 or 1455-1512 or 1513.
		</subfield>
		<subfield code="t">
			Fatḥ al-qarīb al-mujīb.
		</subfield>
	</datafield>
	<datafield ind1=" " ind2="0" tag="650">
		<subfield code="a">
			Islamic law.
		</subfield>
	</datafield>
	<datafield ind1=" " ind2="0" tag="650">
		<subfield code="a">
			Shafiites.
		</subfield>
	</datafield>
	<datafield ind1="1" ind2=" " tag="700">
		<subfield code="6">
			880-05
		</subfield>
		<subfield code="a">
			Abū Shujāʻ al-Iṣfahānī, Aḥmad ibn al-Ḥusayn,
		</subfield>
		<subfield code="d">
			approximately 1042-
		</subfield>
		<subfield code="t">
			Mukhtaṣar fī al-fiqh ʻalá madhhab al-Shāfiʻī.
		</subfield>
	</datafield>
	<datafield ind1="1" ind2=" " tag="700">
		<subfield code="6">
			880-06
		</subfield>
		<subfield code="a">
			Ghazzī, Muḥammad ibn Qāsim,
		</subfield>
		<subfield code="d">
			1454 or 1455-1512 or 1513.
		</subfield>
		<subfield code="t">
			Fatḥ al-qarīb al-mujīb.
		</subfield>
	</datafield>
	<datafield ind1="2" ind2=" " tag="710">
		<subfield code="a">
			New York University.
		</subfield>
		<subfield code="b">
			Libraries.
		</subfield>
	</datafield>
	<datafield ind1="0" ind2=" " tag="730">
		<subfield code="a">
			Arabic Collections Online.
		</subfield>
	</datafield>
	<datafield ind1="0" ind2=" " tag="740">
		<subfield code="6">
			880-07
		</subfield>
		<subfield code="a">
			Ghāyat al-ikhtiṣār.
		</subfield>
	</datafield>
	<datafield ind1="0" ind2=" " tag="740">
		<subfield code="6">
			880-08
		</subfield>
		<subfield code="a">
			Fatḥ al-qarīb al-mujīb.
		</subfield>
	</datafield>
	<datafield ind1="0" ind2="8" tag="776">
		<subfield code="i">
			Print version:
		</subfield>
		<subfield code="a">
			Bājūrī, Ibrāhīm ibn Muḥammad, 1783 or 1784-1860.
		</subfield>
		<subfield code="t">
			Ḥāshīyat al-Shaykh Ibrāhīm al-Bājūrī ʻalá Sharḥ Ibn Qāsim al-Ghazzī ʻalá matn al-Shaykh Abī Shujāʻ fī madhhab al-Imām al-Shāfiʻī
		</subfield>
		<subfield code="w">
			(NNU)002775601
		</subfield>
	</datafield>
	<datafield ind1="4" ind2="0" tag="856">
		<subfield code="u">
			http://hdl.handle.net/2333.1/h44j12v1
		</subfield>
	</datafield>
	<datafield ind1="1" ind2=" " tag="880">
		<subfield code="6">
			100-01/
		</subfield>
		<subfield code="a">
			باجوري، ابراهيم بن محمد،
		</subfield>
		<subfield code="d">
			1783 or 1784-1860.
		</subfield>
	</datafield>
	<datafield ind1="1" ind2="0" tag="880">
		<subfield code="6">
			245-02/
		</subfield>
		<subfield code="a">
			حاشية الشيخ ابراهيم الباجوري على شرح ابن قاسم الغزي على متن الشيخ ابي شجاع في مذهب الامام الشافعي.
		</subfield>
	</datafield>
	<datafield ind1=" " ind2=" " tag="880">
		<subfield code="6">
			260-03/
		</subfield>
		<subfield code="a">
			مصر :
		</subfield>
		<subfield code="b">
			مصطفى البابي الحلبي،
		</subfield>
		<subfield code="c">
			1343 [1924]
		</subfield>
	</datafield>
	<datafield ind1="1" ind2="4" tag="880">
		<subfield code="6">
			600-04/
		</subfield>
		<subfield code="a">
			غزي، محمد بن قاسم،
		</subfield>
		<subfield code="d">
			1454 or 1455-1512 or 1513.
		</subfield>
		<subfield code="t">
			فتح القريب المجيب.
		</subfield>
	</datafield>
	<datafield ind1="1" ind2=" " tag="880">
		<subfield code="6">
			700-05/
		</subfield>
		<subfield code="a">
			ابو شجاع الاصفهاني، احمد بن الحسين،
		</subfield>
		<subfield code="d">
			approximately 1042-
		</subfield>
		<subfield code="t">
			مختصر في الفقه على مذهب الشافعي.
		</subfield>
	</datafield>
	<datafield ind1="1" ind2=" " tag="880">
		<subfield code="6">
			700-06/
		</subfield>
		<subfield code="a">
			غزي، محمد بن قاسم،
		</subfield>
		<subfield code="d">
			1454 or 1455-1512 or 1513.
		</subfield>
		<subfield code="t">
			فتح القريب المجيب.
		</subfield>
	</datafield>
	<datafield ind1="0" ind2=" " tag="880">
		<subfield code="6">
			740-07/
		</subfield>
		<subfield code="a">
			غاية الاختصار.
		</subfield>
	</datafield>
	<datafield ind1="0" ind2=" " tag="880">
		<subfield code="6">
			740-08/
		</subfield>
		<subfield code="a">
			فتح القريب المجيب.
		</subfield>
	</datafield>
	<datafield ind1=" " ind2=" " tag="959">
		<subfield code="a">
			NNU
		</subfield>
		<subfield code="b">
			WEB
		</subfield>
		<subfield code="c">
			GENI
		</subfield>
		<subfield code="t">
			0
		</subfield>
		<subfield code="m">
			Electronic access
		</subfield>
		<subfield code="s">
			01
		</subfield>
	</datafield>
	<datafield ind1=" " ind2=" " tag="999">
		<subfield code="i">
			NNU_002775601
		</subfield>
		<subfield code="s">
			nyu_aco001648:v.2
		</subfield>
	</datafield>
</record>
